@book{sedra_microelectronic_2015,
	location = {New York ; Oxford},
	edition = {Seventh edition},
	title = {Microelectronic Circuits},
	isbn = {978-0-19-933913-6 978-0-19-933918-1},
	series = {The Oxford series in electrical and computer engineering},
	publisher = {Oxford University Press},
	author = {Sedra, Adel S. and Smith, Kenneth C.},
	date = {2015},
	keywords = {Electronic circuits, Integrated circuits}
}